% In this document you are placing your bibliographie entries as they
% relate to the technology you use.
% Important is that if academic refernces are available to also include them and
%not just Misc entries.

@Misc{samoa-web,
	title     = { Apache Samoa Web site},
	timestamp = {2018-01-28},
	url       = { https://samoa.incubator.apache.org/},
}

@inproceedings{samoa-MUSE,
	author = {Bifet, Albert},
	title = {Mining Big Data Streams with Apache SAMOA},
	booktitle = {Proceedings of the 6th International Conference on Mining
	Ubiquitous and Social Environments - Volume 1521},
	series = {MUSE'15},
	year = {2015},
	location = {Porto, Portugal},
	pages = {55--55},
	numpages = {1},
	url = {http://dl.acm.org/citation.cfm?id=3053868.3053878},
	acmid = {3053878},
	publisher = {CEUR-WS.org},
	address = {Aachen, Germany, Germany},
} 

@article{samoa-JMLR,
	author  = {Gianmarco De Francisci Morales and Albert Bifet},
	title   = {SAMOA: Scalable Advanced Massive Online Analysis},
	journal = {Journal of Machine Learning Research},
	year    = {2015},
	volume  = {16},
	pages   = {149-153},
	url 	= {http://jmlr.org/papers/v16/morales15a.html}
}

@Misc{lumify-web,
	title        = {Open Source Big Data Analytics and Visualization: Lumify},
	howpublished = {Web},
	timestamp    = {2018-01-28},
	url          = { https://n0where.net/open-source-big-data-analytics-and-
	visualization-lumify},
}

@Misc{lumify-linkedin,
	title = {5 open source big data analytics tools to bolster your business
	intelligence},
	howpublished = {Web},
	timestamp    = {2018-01-28},
	url          = { https://www.linkedin.com/pulse/5-open-source-big-data-
	analytics-tools-bolster-your-business-gillard/},
}

@Misc{nifi-wiki,
	title     = {Apache NiFi},
	timestamp = {2018-01-28},
	url       = {https://en.wikipedia.org/wiki/Apache_NiFi},
}

@Misc{ nifi-web,
	title     = { Apache NiFi Web site},
	timestamp = {2018-01-28},
	url       = { https://nifi.apache.org/index.html },
}

@Misc{nifi-overview,
	title        = {Apache NiFi Overview},
	howpublished = {Web},
	timestamp    = {2018-01-28},
	url          = {https://nifi.apache.org/docs/nifi-docs/html/overview.html/},
}

@Misc{ wherehows-web,
	author       = {Eric Sun},
	title        = { Open Sourcing WhereHows: A Data Discovery and Lineage
	Portal },
	howpublished = {Web},
	month        = March,
	year         = {2016},
	timestamp    = {2018-01-28},
	url          = { https://engineering.linkedin.com/blog/2016/03/open-
	sourcing-wherehows--a-data-discovery-and-lineage-portal},
}

@Misc{wherehows-wiki,
	title     = { WhereHows Github Home},
	timestamp = {2018-01-28},
	url       = { https://github.com/linkedin/WhereHows/wiki},
}

@Misc{stardog-computerword,
	author       = {Scott Carey},
	title= { Graph database vendors: Who they are, what they do and who their
	customers are},
	howpublished = {Web},
	month        = August,
	year         = {2017},
	timestamp    = {2018-01-28},
	url  = { https://www.computerworlduk.com/galleries/data/graph-database-
	vendors-
	who-are-they-what-do-they-do-who-their-customers-are-3639961/},
}

@Misc{ stardog-docs,
	title        = { Stardog 5 THE MANUAL},
	howpublished = {Web},
	timestamp    = {2018-01-28},
	url          = { https://www.stardog.com/docs/},
}

@article{stardog-schema,
	author = {Cerans, Karlis and Barzdins, Guntis and Liepins, Renars and
Ovcinnikova, Julija and Rikacovs, Sergejs and Sprogis, Arturs},
	year = {2012},
	month = {01},
	pages = {},
	title = {Graphical schema editing for StarDog OWL/RDF databases using
OWLGrEd/S},
	volume = {849}
}

